
@article{LjungBox78,
    author    = "Ljung, G.M. and Box, G.E.P.",
    title     = "On a measure of lack of fit in time series models",
    journal   = "Biometrika",
    volume   = "65",
    pages    = "297--303",
    year      = "1978",
}

Sakamoto, Y., Ishiguro, M., and Kitagawa G. (1986). Akaike Information Criterion Statistics. D. Reidel Publishing Company. 

@book{aic86,
    author    = "Sakamoto, Y. and Ishiguro, M. and Kitagawa G.",
    title     = "Akaike Information Criterion Statistics",
year={1986}, publisher={D. Reidel Publishing Company}, } 
}

Brockwell, P. J. and Davis, R. A. (1996) Introduction to Time Series and Forecasting. Springer, New York. Sections 3.3 and 8.3.

Durbin, J. and Koopman, S. J. (2001) Time Series Analysis by State Space Methods. Oxford University Press.

Gardner, G, Harvey, A. C. and Phillips, G. D. A. (1980) Algorithm AS154. An algorithm for exact maximum likelihood estimation of autoregressive-moving average models by means of Kalman filtering. Applied Statistics 29, 311–322.

Harvey, A. C. (1993) Time Series Models, 2nd Edition, Harvester Wheatsheaf, sections 3.3 and 4.4.

Jones, R. H. (1980) Maximum likelihood fitting of ARMA models to time series with missing observations. Technometrics 22 389–395.



@book{HTF09, title={The Elements of Statistical Learning. Data Mining, Inference, and Prediction, 2nd Edition}, subtitle={Data Mining, Inference, and Prediction. 2nd Edition}, author={Hastie, T. and Tibshirani, R. and Friedman, J.}, year={2009}, publisher={Springer}, address={New York, NY}, } 

@book{bd02, title={Introduction to Time Series and Forecasting, 2nd Edition}, subtitle={2nd Edition}, author={Brockwell, P. J. and Davis, R. A.}, year={2002}, publisher={Springer}, address={New York, NY}, } 




for OLS: Rao, C.R. (1973). Linear statistical inference and its applications (2nd ed.). New York: John Wiley & Sons.

@book{Chevalier18, title={Lecture Notes in Time Series Analysis},author={Chevalier, C. and Wilhelm, M.}, year={2018}, publisher={University of Neuchâtel}, adress={Neuchâtel}, }

@article{kpss92,
    author    = "Kwiatkowski, D. and Phillips, P.C.B. and Schmidt, P. and Shin, Y.",
    title     = "Testing the Null Hypothesis of Stationarity against the Alternative of a Unit Root",
    journal   = "Journal of Econometrics",
    volume   = "54",
    pages    = "159--178",
    year      = "1992",
}


@article{adf,
    author    = "Dickey, D.A. and Fuller, W.A.",
    title     = "Distribution of the Estimators for Autoregressive Time Series with a Unit Root,",
    journal   = "Journal of the American Statistical Association",
    volume   = "74",
    pages    = "427--431",
    year      = "1979",
}

@article{davissong11,
    author    = "Davis, R.A. and Song, L.",
    title     = "Unit Roots in Moving Averages beyond First Order",
    journal   = "The Annals of Statistics",
    volume   = "39",
    number	= "6",
    pages    = "3062--3091",
    year      = "2011",
}

@article{davidson81,
    author    = "Davidson, J.E.H",
    title     = "Problems with the Estimation of Moving Average Processes",
    journal   = "Journal of Econometrics",
    volume   = "16",
    issue	= "3",
    pages    = "295--310",
    year      = "1981",
}

@article{plosser77,
    author    = "Plosser, C.I. and Schwert, G.W.",
    title     = "Estimation of a non-invertible Moving Average Process: The Case of Overdifferencing",
    journal   = "Journal of Econometrics",
    volume   = "6",
    issue	= "2",
    pages    = "199--224",
    year      = "1977",
}

@article{davisdunsmuir96,
    author    = "Davis, R.A. and Dunsmuir, W.T.M.",
    title     = "Maximum Likelihood Estimation for MA(1) Processes with a Root on or near the Unit Circle",
    journal   = "Econometric Theory",
    volume   = "12",
    pages    = "1--29",
    year      = "1996",
}

@article{boxcox64,
    author    = "Box, G.E.P. and Cox, D.R.",
    title     = "An Analysis of Transformations (with Discussion)",
    journal   = "Journal of the Royal Statistical Society",
    volume   = "B 26",
    pages    = "211--252",
    year      = "1964",
}


@article{shapiro,
    author    = "Shapiro, S. S. and Wilk, M. B.",
    title     = "An Analysis of Variance Test for Normality (for complete Samples)",
    journal   = "Biometrika",
    volume   = "52",
    number = "3/4",
    pages    = "591--611",
    year      = "1965",
}


@Manual{R_itsmr,
    title = {itsmr: Time Series Analysis Using the Innovations Algorithm},
    author = {George Weigt},
    year = {2018},
    note = {R package version 1.8},
    url = {https://CRAN.R-project.org/package=itsmr},
}


@Manual{R_core,
    title = {R: A Language and Environment for Statistical Computing},
    author = {{R Core Team}},
    organization = {R Foundation for Statistical Computing},
    address = {Vienna, Austria},
    year = {2013},
    note = {{ISBN} 3-900051-07-0},
    url = {http://www.R-project.org/},
}


